@article{PubMedObjective,
  author = {Ronald Pies},
  title = {How ``Objective'' Are Psychiatric Diagnoses?},
  journal = {Psychiatry (Edgmont)},
  volume = {4},
  number = {10},
  pages = {18--22},
  year = {2007},
  url = {https://pmc.ncbi.nlm.nih.gov/articles/PMC2860522/},
  note = {Accessed: 2025-09-09}
}